@book{Ada:1999,
    author =	{R.A. Adams},
    OReditor =	{},
    title =	{Calculus},
    publisher =	{Addison Wesley Longman, Inc},
    year =	{1999},
    OPTvolume =	{},
    OPTnumber =	{},
    OPTseries =	{},
    OPTaddress =	{},
    edition =	{4th},
    OPTmonth =	{},
    note =	{ISBN 0-201-39607-6}
}


@inproceedings{OrtOli:2004,
    author =	{Alberto Ortiz and Gabriel Oliver},
    title =	{Radiometric Calibration of {CCD} Sensors: Dark Current and Fixed Pattern Noise Estimation},
    booktitle =	{{IEEE} International Conference on Robotics and Automation},
    year =	{2004},
    OPTeditor =	{},
    volume =	{5},
    OPTnumber =	{},
    OPTseries =	{},
    pages =	{4730--4735},
    OPTaddress =	{},
    OPTmonth =	{},
    OPTorganization =	{},
    OPTpublisher =	{},
    OPTnote =	{}
}

@inproceedings{Sekhar:2008,
  title={Automated localisation of retinal optic disk using Hough transform},
  author={Sekhar, Sribalamurugan and Al-Nuaimy, Waleed and Nandi, Asoke K},
  booktitle={Biomedical Imaging: From Nano to Macro, 2008. ISBI 2008. 5th IEEE International Symposium on},
  pages={1577--1580},
  year={2008},
  organization={IEEE}
}

@article{Walter:2002,
  title={A contribution of image processing to the diagnosis of diabetic retinopathy-detection of exudates in color fundus images of the human retina},
  author={Walter, Thomas and Klein, J-C and Massin, Pascale and Erginay, Ali},
  journal={Medical Imaging, IEEE Transactions on},
  volume={21},
  number={10},
  pages={1236--1243},
  year={2002},
  publisher={IEEE}
}

